@www{upennpdfL2,    
    title = "Bases for $L^2(S^1)$ and Fourier Series",
    url = {https://www.math.upenn.edu/~deturck/m426/notes03.pdf},
   
}